<record><leader>00000cas a22000007a 4500</leader><controlfield tag="001">10833392</controlfield><controlfield tag="008">840612d18741879cauwr ne      0    0eng d</controlfield><datafield ind1=" " ind2=" " tag="010"><subfield code="a">sn 84026983 </subfield></datafield><datafield ind1=" " ind2=" " tag="040"><subfield code="a">NPU</subfield><subfield code="b">eng</subfield><subfield code="c">NPU</subfield><subfield code="d">NPX</subfield><subfield code="d">ANU</subfield><subfield code="d">CNK</subfield><subfield code="d">OCLCQ</subfield></datafield><datafield ind1=" " ind2=" " tag="042"><subfield code="a">msc</subfield></datafield><datafield ind1="0" ind2=" " tag="130"><subfield code="a">People's cause (Red Bluff, Calif.)</subfield></datafield><datafield ind1="1" ind2="4" tag="245"><subfield code="a">The people's cause.</subfield></datafield><datafield ind1="3" ind2="0" tag="246"><subfield code="a">Red Bluff people's cause</subfield></datafield><datafield ind1="1" ind2="3" tag="246"><subfield code="a">People's cause and Tehama County independent</subfield><subfield code="f">Oct. 31, 1874-Mar. 24, 1877</subfield></datafield><datafield ind1=" " ind2=" " tag="260"><subfield code="a">Red Bluff, Tehama Co., Cal. :</subfield><subfield code="b">Cause Pub. Co.</subfield></datafield><datafield ind1=" " ind2=" " tag="300"><subfield code="a">v. ;</subfield><subfield code="c">66 cm.</subfield></datafield><datafield ind1=" " ind2=" " tag="310"><subfield code="a">Weekly</subfield></datafield><datafield ind1="0" ind2=" " tag="362"><subfield code="a">Vol. 15, no. 13 (Oct. 10, 1874)-v. 19, no. 47 (Mar. 22, 1879).</subfield></datafield><datafield ind1=" " ind2=" " tag="500"><subfield code="a">Sometimes published as: Red Bluff people's cause. Cf. Gregory, W. Amer. newspapers.</subfield></datafield><datafield ind1=" " ind2=" " tag="500"><subfield code="a">Publishers: Cause Pub. Co., &lt;1875&gt;; L.D. Clark, 1875-&lt;1876&gt;; Clark &amp; Pryor, &lt;1877&gt;.</subfield></datafield><datafield ind1=" " ind2=" " tag="500"><subfield code="a">"Republican."</subfield></datafield><datafield ind1=" " ind2=" " tag="500"><subfield code="a">Editor: L.D. Clark, &lt;1875-1876&gt;.</subfield></datafield><datafield ind1=" " ind2="4" tag="651"><subfield code="a">Red Bluff (Calif.)</subfield><subfield code="v">Newspapers.</subfield></datafield><datafield ind1=" " ind2=" " tag="752"><subfield code="a">United States</subfield><subfield code="b">California</subfield><subfield code="c">Tehama</subfield><subfield code="d">Red Bluff.</subfield></datafield><datafield ind1="0" ind2=" " tag="775"><subfield code="t">Daily people's cause</subfield><subfield code="w">(DLC)sn 84026981</subfield></datafield><datafield ind1="0" ind2="0" tag="780"><subfield code="t">Tehama independent</subfield><subfield code="w">(DLC)sn 93052163</subfield></datafield><datafield ind1="0" ind2="0" tag="785"><subfield code="t">Weekly people's cause</subfield><subfield code="w">(DLC)sn 84026982</subfield></datafield><datafield ind1="1" ind2=" " tag="029"><subfield code="a">AU@</subfield><subfield code="b">000020345919</subfield></datafield></record>